<record><leader>00000cas a2200000 a 4500</leader><controlfield tag="001">17688627</controlfield><controlfield tag="008">880328d18681874wauwr ne      0    0eng d</controlfield><datafield ind1=" " ind2=" " tag="010"><subfield code="a">sn 88085602 </subfield></datafield><datafield ind1=" " ind2=" " tag="040"><subfield code="a">SLZ</subfield><subfield code="b">eng</subfield><subfield code="c">SLZ</subfield><subfield code="d">CNW</subfield><subfield code="d">OCL</subfield><subfield code="d">OCLCQ</subfield><subfield code="d">OCLCF</subfield><subfield code="d">OCLCO</subfield><subfield code="d">CUS</subfield></datafield><datafield ind1=" " ind2=" " tag="042"><subfield code="a">msc</subfield></datafield><datafield ind1=" " ind2=" " tag="043"><subfield code="a">n-us-wa</subfield></datafield><datafield ind1="1" ind2="4" tag="050"><subfield code="a">HV5001</subfield></datafield><datafield ind1="0" ind2="4" tag="245"><subfield code="a">The Echo, a temperance journal.</subfield></datafield><datafield ind1="1" ind2="7" tag="246"><subfield code="a">Weekly echo</subfield></datafield><datafield ind1=" " ind2=" " tag="260"><subfield code="a">Olympia, W.T. [Wash.] :</subfield><subfield code="b">Print. Committee of the Temperance Assn.</subfield></datafield><datafield ind1=" " ind2=" " tag="300"><subfield code="a">volumes</subfield></datafield><datafield ind1=" " ind2=" " tag="310"><subfield code="a">Weekly</subfield></datafield><datafield ind1=" " ind2=" " tag="336"><subfield code="a">text</subfield><subfield code="b">txt</subfield><subfield code="2">rdacontent</subfield></datafield><datafield ind1=" " ind2=" " tag="337"><subfield code="a">unmediated</subfield><subfield code="b">n</subfield><subfield code="2">rdamedia</subfield></datafield><datafield ind1=" " ind2=" " tag="338"><subfield code="a">volume</subfield><subfield code="b">nc</subfield><subfield code="2">rdacarrier</subfield></datafield><datafield ind1="0" ind2=" " tag="362"><subfield code="a">Vol. 1, no. 1 (Sept. 24, 1868) ; vol. 1, no. 1 (Oct. 1, 1868)-v. 7, no. 9 (Dec. 10, 1874).</subfield></datafield><datafield ind1=" " ind2=" " tag="515"><subfield code="a">Issues for Sept. 24 and Oct. 1, 1868 both designated as Vol. 1, no. 1. Text of the two issues is almost identical.</subfield></datafield><datafield ind1=" " ind2="0" tag="650"><subfield code="a">Temperance</subfield><subfield code="z">Washington (State)</subfield><subfield code="z">Olympia</subfield><subfield code="v">Newspapers.</subfield></datafield><datafield ind1=" " ind2="0" tag="651"><subfield code="a">Olympia (Wash.)</subfield><subfield code="v">Newspapers.</subfield></datafield><datafield ind1=" " ind2="7" tag="650"><subfield code="a">Temperance.</subfield><subfield code="2">fast</subfield><subfield code="0">(OCoLC)fst01147309</subfield></datafield><datafield ind1=" " ind2="7" tag="651"><subfield code="a">Washington (State)</subfield><subfield code="z">Olympia.</subfield><subfield code="2">fast</subfield><subfield code="0">(OCoLC)fst01206098</subfield></datafield><datafield ind1=" " ind2="7" tag="655"><subfield code="a">Newspapers.</subfield><subfield code="2">fast</subfield><subfield code="0">(OCoLC)fst01423814</subfield></datafield><datafield ind1=" " ind2=" " tag="752"><subfield code="a">United States</subfield><subfield code="b">Washington</subfield><subfield code="c">Thurston</subfield><subfield code="d">Olympia.</subfield></datafield><datafield ind1="0" ind2="0" tag="785"><subfield code="t">Echo, a temperance - agricultural journal</subfield><subfield code="w">(DLC)sn 88085601</subfield><subfield code="w">(OCoLC)17688605</subfield></datafield><datafield ind1="1" ind2=" " tag="029"><subfield code="a">AU@</subfield><subfield code="b">000025820949</subfield></datafield></record>